@online{opes_PHOEBUS,
author = {obsolescence-programmee.fr},
title = {Le Cartel Phoebus et les lampes à incandescence},
url = {http://obsolescence-programmee.fr/exemples-symboliques/le-cartel-phoebus-et-les-lampes-a-incandescence/},
}


@misc{etudedureedevie,
author = {Shailendra Mudgal Benoît Tinetti Thibault Faninger Sarah Lockwood and Gina Anderson},
title = {Étude sur la durée de vie des équipements électriques et électroniques},
year = {2012},
organization = {BIO Intelligence Service S.A.S},
}

@misc{opSsg,
author = {Marine Fabre and Wiebke Winkler},
title = {L'obsolescence programmée, symbole de la société du gaspillage},
subtitle = {Le cas des produits électriques et électroniques},
organization= {Les amis de la Terre and CNIID},
year = {2010},
month = {septembre},
}

@online{sociétéChimiqueDeFranceTerresRares,
author = {Société Chimique De France},
title = {Terres rares},
year = {•},
url = {http://www.societechimiquedefrance.fr/extras/Donnees/mine/tera/textera.htm},
}

@online{LarousseMatiere1eres,
author = {D. G.},
title = {Matière première},
year = {2000},
url = {http://www.larousse.fr/archives/economie/page/160},
organization = {Larousse},
}

@online{RapportEuropeenTerresRares,
author = {Commission services},
title = {Report of the Ad-hoc Working Group on
defining critical raw materials},
year = {2010},
url = {http://ec.europa.eu/enterprise/policies/raw-materials/files/docs/report-b_en.pdf},
organization = {European Commission},
}

@online{MongolieChine,
author = {Stéphane Pambrun},
title = {Mongolie : les terres rares empoisonnent l'environnement},
year = {2014},
url = {http://www.novethic.fr/empreinte-terre/pollution/isr-rse/mongolie-les-terres-rares-empoisonnent-l-environnement-132199.html},
organization = {Novethic},
}

@book{bpc,
author = {Serge Latouche},
title = {Bon pour la casse},
year = {2012},
}


@book{LivreFuturMetaux,
author = {Philippe Bihouix et Benoît de Guillebon},
title = {Quel futur pour les métaux ?},
year = {2010},
}

@online{DateACredit,
author = {Footprint Network},
title = {Jour du dépassement},
year = {2012},
url = {http://www.footprintnetwork.org/fr/index.php/GFN/page/earth_overshoot_day/},
}
@misc{cec-zevRapportObsProg,
author = {Centre Européen de la Consommation},
title = {l'obsolescence programmée ou les dérives de la société de consomation},
year = {2013},
url = {http://www.europe-consommateurs.eu/fileadmin/user_upload/eu-consommateurs/PDFs/publications/etudes_et_rapports/Etude-Obsolescence-Web.pdf},
page={8},
}

@online{aluZonesExtraction,
author = {Institut Pour l'Histoire de l'Aluminium},
title = {La production d'aluminium : de la bauxite à l'alumine},
year = {•},
url = {http://www.histalu.org/iha-rubrique-article.php?rub=4&art=34},
}

@online{consomUsinesAlu,
author = {DIALOGUE SUR L'ALUMINIUM},
title = {Lʼaluminium et lʼénergie},
year = {2012},
url = {http://ledialoguesurlaluminium.com/d%C3%A9veloppement-durable/l%CA%BCaluminium-et-l%CA%BC%C3%A9nergie},
organization = {Association de l'Aluminium du Canada},
}

@online{worldAluProdRecycl,
author = {ALuminium for future generations},
title = {Global Share of Primary and Recycled Metal Production},
year = {2012},
url = {http://recycling.world-aluminium.org/review/recycling-indicators.html},
organization = {The International Aluminium Institute},
}

@online{AdemeNbDéchets,
author = {ADEME},
title = {La collecte des déchets par le service public en France},
subtitle = {Résultats 2011},
year = {2011},
url = {http://www.ademe.fr/sites/default/files/assets/documents/enquete-collecte-dechets-service-public-2011.pdf},
}

@online{GreenPeaceGhana,
author = {GreenPeace},
title = {Electronic Waste in Ghana},
year = {2008},
url = {https://www.youtube.com/watch?v=pr1zQrXM_7s},
}

@online{DEEErecyclageChine,
author = {Alejandra Sepúlveda, Mathias Schluep, Fabrice G. Renaud, Martin Streicher, Ruediger Kuehr, Christian Hagelüken, Andreas C. Gerecke},
title = {A review of the environmental fate and effects of hazardous substances released from electrical and electronic equipments during recycling: Examples from China and India},
year = {2010},
url = {http://ewasteguide.info/files/Sepulveda_2010_EIAR_0_0.pdf},
}
